@article{Aaboud_2018,
   title={Measurement of the Higgs boson coupling properties in the H → ZZ∗ → 4ℓ decay channel at s = 13 $$ \sqrt{s}=13 $$ TeV with the ATLAS detector},
   volume={2018},
   ISSN={1029-8479},
   url={http://dx.doi.org/10.1007/JHEP03(2018)095},
   DOI={10.1007/jhep03(2018)095},
   number={3},
   journal={Journal of High Energy Physics},
   publisher={Springer Science and Business Media LLC},
   author={Aaboud, M. and Aad, G. and Abbott, B. and Abdinov, O. and Abeloos, B. and Abidi, S. H. and AbouZeid, O. S. and Abraham, N. L. and Abramowicz, H. and et al.},
   year={2018},
   month={Mar}
}
@article{Aaboud_2018_2,
   title={Measurements of Higgs boson properties in the diphoton decay channel with 36  fb−1 of pp collision data at s=13  TeV with the ATLAS detector},
   volume={98},
   ISSN={2470-0029},
   url={http://dx.doi.org/10.1103/PhysRevD.98.052005},
   DOI={10.1103/physrevd.98.052005},
   number={5},
   journal={Physical Review D},
   publisher={American Physical Society (APS)},
   author={Aaboud, M. and Aad, G. and Abbott, B. and Abdinov, O. and Abeloos, B. and Abidi, S. H. and AbouZeid, O. S. and Abraham, N. L. and Abramowicz, H. and Abreu, H. and et al.},
   year={2018},
   month={Sep}
}
@article{Aaboud_2019,
   title={Measurements of gluon–gluon fusion and vector-boson fusion Higgs boson production cross-sections in the H → WW⁎ → eνμν decay channel in pp collisions at s=13TeV with the ATLAS detector},
   volume={789},
   ISSN={0370-2693},
   url={http://dx.doi.org/10.1016/j.physletb.2018.11.064},
   DOI={10.1016/j.physletb.2018.11.064},
   journal={Physics Letters B},
   publisher={Elsevier BV},
   author={Aaboud, M. and Aad, G. and Abbott, B. and Abdinov, O. and Abeloos, B. and Abhayasinghe, D.K. and Abidi, S.H. and AbouZeid, O.S. and Abraham, N.L. and Abramowicz, H. and et al.},
   year={2019},
   month={Feb},
   pages={508–529}
}
@article{Aaboud_2019_2,
   title={Cross-section measurements of the Higgs boson decaying into a pair of 
τ
-leptons in proton-proton collisions at 
s=13  TeV
 with the ATLAS detector},
   volume={99},
   ISSN={2470-0029},
   url={http://dx.doi.org/10.1103/PhysRevD.99.072001},
   DOI={10.1103/physrevd.99.072001},
   number={7},
   journal={Physical Review D},
   publisher={American Physical Society (APS)},
   author={Aaboud, M. and Aad, G. and Abbott, B. and Abdinov, O. and Abeloos, B. and Abhayasinghe, D. K. and Abidi, S. H. and AbouZeid, O. S. and Abraham, N. L. and Abramowicz, H. and et al.},
   year={2019},
   month={Apr}
}
@article{Aaboud_2018_0,
   title={Observation of H→bb¯ decays and VH production with the ATLAS detector},
   volume={786},
   ISSN={0370-2693},
   url={http://dx.doi.org/10.1016/j.physletb.2018.09.013},
   DOI={10.1016/j.physletb.2018.09.013},
   journal={Physics Letters B},
   publisher={Elsevier BV},
   author={Aaboud, M. and Aad, G. and Abbott, B. and Abdinov, O. and Abeloos, B. and Abhayasinghe, D.K. and Abidi, S.H. and AbouZeid, O.S. and Abraham, N.L. and Abramowicz, H. and et al.},
   year={2018},
   month={Nov},
   pages={59–86}
}
@techreport{ATLAS-CONF-2019-040,
      title         = "{Search for squarks and gluinos in final states with jets
                       and missing transverse momentum using 139 fb$^{-1}$ of
                       $\sqrt{s}$ =13 TeV $pp$ collision data with the ATLAS
                       detector}",
      institution   = "CERN",
      collaboration = "ATLAS Collaboration",
      address       = "Geneva",
      number        = "ATLAS-CONF-2019-040",
      month         = "Aug",
      year          = "2019",
      reportNumber  = "ATLAS-CONF-2019-040",
      url           = "http://cds.cern.ch/record/2686254",
}
